937 7919
75 150 73 46 I
224 166 58 26 A
400 150 247 46 ELLE
676 150 63 46 NEE
749 150 66 46 LEE
830 150 104 46 LO

192 217 19 28 “”~
286 220 58 14 7a
394 218 11 19 T
459 218 33 16 ra
587 216 8 8 y
869 213 12 17 7

83 225 129 49 THE
257 215 333 53 NEW-YORE
645 212 269 48 TRIBUNE

82 294 25 25 fs
133 288 175 33 poblished
334 291 101 17 every
462 287 171 19 morning,
658 285 29 18 at
716 279 57 25 No.
798 280 35 21 3@
860 278 65 23 Ano

107 326 81 18 street,
205 317 152 24 New-York,
372 316 47 22 and
439 313 129 23 delivered
588 317 26 18 ta
633 313 58 21 City
712 311 164 23 Subscribers
891 309 31 20 for

109 352 82 52 7
217 353 7 17 ‘
244 349 90 36 ENTS
352 355 42 20 per
412 342 73 47 week.
519 345 89 29 Single
627 351 87 21 copies
733 342 67 23 Two
819 335 71 34 Cents

108 384 37 22 Mol
178 380 170 22 Sabecobers,
357 383 47 24 84
411 384 30 15 per
454 383 102 16 annum,
575 383 13 14 9
600 376 90 20 advance,
712 373 71 25 aml
795 373 41 19 the
850 376 77 23 paper

107 423 21 13 ins
150 423 29 11 ee
198 421 50 12 Cane
264 421 18 9 OF
335 412 63 19 nued
414 409 91 20 beyood
541 408 22 20 (he
584 412 57 17 tune
655 412 36 16 tor
708 391 80 35 which
802 407 45 17 His
861 406 55 25 pad

103 446 94 20 Syheer
212 447 79 16 otions
312 441 74 20 taken
404 442 34 17 for
456 438 37 21 Siz
510 437 105 21 Months

145 480 50 13 bers
218 477 42 15 ef
279 468 267 24 Advertiing....For
558 471 63 17 each
635 466 113 21 Adverts
759 467 77 17 ‘ment
847 469 22 12 of

80 502 72 21 TEN
173 507 59 13 lines
244 507 23 8 or
285 504 71 12 less
372 504 40 13 Cover
424 502 47 17 sin)
491 497 50 19 first
559 500 186 16 insertion.....
799 492 28 31 ‘a
843 492 33 36 Ce

91 535 33 15 do.
171 532 30 15 for
219 535 27 9 ca
268 528 3 7 b
301 525 152 25 subsequent
475 528 128 16 insertion.
728 536 4 4 -

93 566 38 14 do.
172 563 35 15 for
225 555 54 20 SIX
301 560 137 15 insertions,
452 560 24 8 or
489 560 48 14 one
551 550 155 22 week......
716 546 112 30 om
872 548 14 10 ©

93 593 39 18 do.
171 592 34 16 for
220 582 256 26 TWENTY.FIVE
493 586 256 19 insertions.......+.
773 578 56 20 8e@
872 580 14 8 *

111 619 93 23 Loncer
228 618 195 20 Advertisments
436 620 24 18 at
472 614 98 22 equally
587 618 45 15 lave

114 651 59 19 Marr
283 647 118 22 tetigious
414 645 48 22 and
478 644 107 23 Funeral
604 640 111 25 Notices,
728 645 43 19 not
786 640 144 26 exceeding

81 682 39 25 five
160 688 39 13 Lies,
239 682 95 16 cents

115 719 4 17 iy
172 709 48 23 The
248 707 148 25 WEEKLY
419 703 199 28 TRIBUNE,a
632 710 59 23 very
705 703 71 29 large
790 708 87 24 paper,
894 705 38 21 for

83 749 33 21 the
135 746 17 16 €
236 749 22 15 Vv.
281 754 7 6 is
310 743 130 26 puoisoed
458 743 77 16 every
557 737 125 28 Satorday
706 743 126 20 morning,
849 740 23 17 at
888 736 44 23 the

74 778 49 22 low
142 781 67 19 prices
221 779 23 13 of
261 775 31 20 $2
305 779 43 19 per
360 777 102 14 annuum,
475 775 46 15 ina
534 768 97 21 france.

154 806 323 12 ee

83 845 266 81 PEE
409 836 439 76 TRIBUNE,

84 952 93 23 Nawes
202 953 52 17 aso
276 946 105 22 Tirces
404 950 29 17 of
460 949 53 18 THe
539 944 75 23 Lorn
644 944 83 21 Jeses
750 945 116 20 Curist;
892 939 33 22 By

138 983 126 18 Cuagces
292 979 96 20 Srrark.
434 975 98 24 Eighth
559 973 113 25 Editien.
714 976 20 20 ()
762 982 37 14 vol.
833 973 24 21 12
881 976 38 15 mo

140 1020 4 16 pp.
195 1012 31 19 40

121 1043 60 29 The
206 1042 176 28 theological
407 1039 133 28 leanings
565 1038 31 28 of
624 1039 48 27 the
694 1038 108 27 Author
820 1037 27 22 of
871 1029 57 28 th«

881 498 15 13 vu
879 491 49 42 matte

83 1107 116 19 treatise
219 1095 57 27 will
306 1097 33 22 be
356 1095 88 26 easily
469 1093 44 28 inf
534 1090 64 32 rred
618 1099 73 20 from
709 1089 47 27 the
772 1094 37 18 qu
824 1083 101 27 station

414 1152 90 28 page;
530 1150 5 7 *
561 1138 182 38 Wherefore
771 1133 70 26 God
861 1140 46 18 als

80 1148 84 27 borne
195 1160 34 12 on
263 1152 36 19 its
332 1152 74 19 titie-

79 1200 66 26 hath
177 1209 107 18 highly
327 1197 102 25 exvalled
448 1199 67 24 him,
535 1194 63 26 and
615 1198 88 24 giren
723 1185 58 27 him
801 1195 17 15 a
839 1193 79 18 name

689 1236 5 5 *
714 1235 46 25 but
784 1241 34 18 its
838 1234 88 25 ineul-

80 1259 80 18 which
189 1259 24 16 is
228 1248 95 24 above
343 1263 3 6 «
363 1257 73 25 very
464 1245 84 26 other
574 1246 107 21 name:

77 1303 115 17 cations
222 1306 48 14 are
297 1294 92 26 rather
412 1293 31 26 of
463 1301 15 17 a
506 1286 87 28 moral
622 1294 24 15 ar
642 1281 33 26 ad
696 1288 94 31 practi

80 1352 154 16 polemical
265 1348 167 19 character.
483 1335 60 27 The
572 1330 102 27 author
716 1328 53 26 has
797 1324 127 28 devoted

772 1277 66 38 tical
858 1279 66 27 than

79 1407 81 16 vears
178 1395 33 28 of
226 1402 112 32 patient
358 1391 73 30 labor
453 1397 29 20 to
498 1385 43 29 his
558 1391 75 20 task,
658 1391 130 20 availing
807 1379 117 29 himself

75 1431 4 4 :
594 1433 4 16 i

307 1447 143 22 treasures
466 1434 32 28 of
516 1439 48 23 the
593 1432 105 38 library
734 1430 32 28 of
790 1429 134 30 Howard

77 1461 4 9 ‘
96 1445 13 27 f
124 1457 49 16 Lue
194 1446 96 36 aunple

80 1496 182 26 University;
286 1489 54 28 and
360 1491 35 24 he
411 1489 77 33 has]
504 1483 127 28 roduced
655 1494 15 17 a
687 1482 80 27 work
787 1482 97 28 which
903 1483 22 26 ts

75 1547 97 25 highly
198 1534 195 32 commended
425 1535 34 36 by
496 1533 49 27 the
584 1532 60 39 peri
662 1530 100 29 xlwals
802 1529 32 29 of
862 1529 62 30 that

740 1584 68 29 nity,
839 1584 87 26 while

78 1592 88 28 which
187 1589 119 27 entitles
326 1585 82 29 itself
429 1592 5 8 ‘
453 1584 117 30 Liberal’
630 1594 100 17 Christia

76 1646 34 26 jts
143 1641 87 27 raoral
263 1637 153 29 teachings
451 1635 58 29 and
543 1635 152 28 historical
727 1633 198 29 elucidation.

158 1688 3 6 .
267 1684 5 8 .
372 1685 3 2 .
450 1685 2 7 ,
654 1684 3 4 ;
855 1682 41 16 age

78 1699 55 19 may
158 1695 32 16 be
209 1684 114 28 stadied
342 1690 69 21 with
427 1693 136 19 pleasure
581 1682 30 28 by
633 1682 49 28 all,
728 1688 75 22 (bor
819 1693 52 17 sale
891 1691 29 16 by

76 1719 52 50 iha-
138 1719 32 50 aia
190 1734 44 29 hor
246 1733 64 29 see
319 1729 24 39 ,
369 1731 21 28 B
405 1742 28 15 mw
449 1742 52 28 “ry.

441 1783 122 12 ————

75 1813 207 24 Turornecsty,
305 1815 27 10 or
356 1808 43 20 the
429 1807 108 30 Plenary
567 1808 154 25 Inspiration
737 1813 23 16 of
786 1808 42 22 the
857 1807 63 23 Holy

128 1845 145 23 Seriptores:
307 1839 38 27 By
359 1840 28 20 S.
401 1839 70 22 RL.
484 1840 139 21 Gaussin.
638 1839 127 21 Profesor
777 1844 23 15 ot
815 1838 110 22 Theolo-

128 1879 28 17 gy
183 1879 13 12 in
210 1870 114 34 Geueva.
357 1868 153 25 "Pransiated
524 1871 28 26 by
574 1869 27 23 BE.
620 1869 28 21 N.
665 1868 80 22 Kink.
779 1869 22 21 (1
820 1869 46 22 vol.
884 1875 40 23 pp.

127 1904 60 21 343.)
218 1898 97 25 Jokn
300 1894 18 41 S
319 1918 3 4 -
345 1899 51 43 Tay
406 1900 36 24 lor
455 1900 15 23 &
489 1902 55 24 Co.,
560 1900 40 22 45
612 1898 22 23 N
645 1905 73 35 ssa
725 1903 85 18 urstreet,

111 1938 60 31 The
203 1946 102 20 nature
333 1937 33 28 of
384 1937 49 29 the
466 1937 180 40 Tnapiration
678 1944 27 21 of
709 1936 71 29 the
811 1936 112 29 Sacred

78 1991 137 28 Writiogs
235 2000 22 17 is
275 1991 132 36 properly
428 1989 158 30 attracting
603 1997 80 17 more
700 1986 59 29 aud
779 1997 81 18 more
876 1991 47 24 the

74 2048 138 22 ateention
234 2039 34 28 of
286 2040 149 36 inquiring
450 2037 58 30 amd
527 2049 12 16 r
560 2036 119 29 flecting
702 2036 171 29 Chrietians
897 2039 26 27 in

74 2099 77 20 every
185 2093 106 31 partot
315 2091 50 22 the
398 2086 104 26 world.
550 2086 63 26 The
647 2095 138 26 progress
803 2086 33 26 of
863 2087 59 25 Sci-

146 2161 3 4 ,
168 2144 28 17 to
213 2146 44 28 say
280 2135 119 36 sothing
417 2134 32 28 of
464 2134 59 29 that
542 2133 33 28 of
587 2135 168 31 Criticism,
773 2145 34 17 or
822 2134 32 28 of
870 2134 53 28 Re-

77 2187 307 33 ligiousKuowledge,
419 2187 59 29 haa
511 2186 183 38 necessarily
724 2185 116 40 opened
864 2187 59 28 this

77 2250 44 28 que
134 2247 72 17 stion
223 2244 30 17 to
268 2247 25 22 ge
308 2235 79 28 neral
418 2234 180 31 discussion,
616 2233 56 29 and
705 2234 48 28 the
784 2233 67 28 bold
874 2233 47 28 de-

76 2297 125 33 partures
218 2287 74 27 from
312 2287 49 27 the
378 2285 136 29 received
537 2285 122 39 opinion
677 2284 35 29 of
732 2285 106 27 critics
864 2285 57 27 like

75 2344 120 28 Strauss,
214 2337 53 31 and
289 2337 153 31 Belsham,
460 2337 57 29 and
538 2336 123 30 Parker,
681 2344 29 17 to
727 2346 51 28 say
797 2336 123 31 nothing

76 2405 23 21 of
122 2396 47 27 the
188 2393 102 29 milder
307 2390 151 31 freedoms
474 2389 33 29 of
524 2388 160 32 Coleridge
697 2387 56 30 and
774 2387 48 28 the
842 2399 77 18 mass

76 2445 27 28 of
125 2444 129 26 German
287 2449 243 21 commentators,
563 2438 75 29 have
668 2437 125 30 evinced
829 2438 24 29 if
870 2446 46 20 not

74 2495 99 29 caused
192 2506 14 16 a
220 2494 125 29 striking
366 2493 192 35 discrepancy
579 2491 33 27 of
626 2490 89 27 views
732 2501 35 16 on
785 2490 57 27 this
869 2491 48 26 im-

75 2552 106 35 portant
200 2545 119 26 subject.
365 2541 63 29 The
453 2539 82 29 mind
553 2540 34 27 of
610 2540 50 27 the
686 2550 55 16 age
767 2539 149 37 evidently

75 2597 131 29 hesitates
227 2592 69 28 with
325 2588 105 32 regard
450 2596 30 20 to
495 2587 49 29 the
569 2587 156 29 character
750 2587 24 28 if
799 2596 45 19 not
871 2588 46 27 the

75 2646 50 29 fact
143 2653 24 18 of
191 2642 46 28 the
266 2640 102 30 Divine
389 2637 177 39 Inspiration
584 2637 33 28 of
637 2637 49 28 the
702 2638 97 27 entire
821 2635 94 30 Bible.
936 2617 1 49 |

77 2693 28 29 In
122 2693 56 25 this
214 2699 74 20 crisis,
309 2687 76 30 Prof.
405 2687 137 28 Gaussen
562 2693 78 31 steps
660 2685 126 28 forward
809 2695 32 17 as
866 2685 51 28 the

73 2742 150 37 champion
240 2738 33 29 of
298 2738 124 36 Plenary
443 2735 189 38 Inspiration,
649 2735 56 28 aud
728 2735 34 27 he
781 2734 72 28 does
872 2734 43 27 his

75 2792 72 27 work
166 2788 182 37 thoroughly.
393 2786 64 28 The
475 2784 170 29 New-York
672 2786 149 28 Obgerver
846 2784 67 26 well

75 2852 68 19 says,
161 2847 15 7 ©
191 2837 71 30 Leis,
279 2834 113 40 beyond
418 2835 36 27 all
472 2834 147 38 question,
645 2832 50 28 the
723 2833 96 28 ablest
845 2832 69 39 plea

75 2875 35 44 for
128 2891 46 27 the
190 2888 61 29 full,
268 2887 142 27 absolute,
427 2885 99 37 equal,
553 2883 150 29 universal
734 2882 179 38 Inspiration

75 2941 28 28 of
119 2941 44 27 the
184 2939 78 28 Bible
279 2936 92 29 which
390 2936 51 28 has
468 2943 46 29 yet
540 2933 189 40 appeared.”
774 2934 63 27 The
861 2934 51 27 fol-

76 2991 76 28 lowins
185 2989 75 28 better
276 2986 71 28 from
369 2985 71 28 Rev.
459 2984 50 28 Dr.
528 2983 115 27 Woops
662 2994 22 16 is
700 2981 119 40 equally
835 2983 77 37 posi-

76 3047 50 28 tive
144 3046 22 27 in
184 3052 30 18 its
234 3042 173 37 testimony
394 3038 16 45 :

75 3093 77 23 “Key.
176 3090 70 24 FON.
257 3089 69 25 Kink

100 3121 146 24 “Reverend
259 3121 48 22 and
323 3120 67 23 Dear
402 3118 88 26 Sir,—T
507 3117 126 31 expected
658 3118 76 22 much
752 3123 62 16 trom
831 3116 79 22 Gans-

76 3162 37 14 sen
125 3160 28 16 o@
167 3153 53 27 Tnep
233 3157 87 18 ration,
331 3151 93 22 butimy
434 3157 78 33 expec
525 3138 88 33 tations
625 3156 43 14 are
680 3149 119 22 exceeded
824 3147 31 21 by
869 3146 41 22 the

76 3189 107 19 meriteot
200 3186 39 19 the
253 3184 76 21 work,
363 3181 46 23 Itis
422 3181 41 23 the
477 3187 61 16 very
558 3180 70 25 thing
648 3179 82 23 which
745 3188 19 13 is
777 3178 83 23 called
874 3177 31 22 for

77 3221 20 16 at
109 3221 37 16 the
158 3221 13 37 p
175 3217 74 18 resent
261 3217 68 22 tine,
341 3213 48 21 and
405 3219 17 14 is
434 3218 77 15 every
531 3217 83 16 wayva
614 3200 25 31 ti
643 3215 51 23 apte
691 3209 21 22 “d
727 3213 24 18 to
761 3214 112 16 lnerease
887 3214 22 15 in

81 3250 36 15 the
129 3252 70 14 minds
209 3250 22 14 of
244 3251 48 14 min
307 3229 33 35 ste
345 3243 80 20 rand
441 3240 146 25 Christians,
600 3248 14 15 a
628 3228 70 33 hecor
704 3248 53 16 hing
775 3245 127 16 reverenet

82 3281 30 13 for
126 3276 37 16 the
177 3281 50 13 word
267 3281 2 12 of
285 3272 64 22 God.
383 3271 58 24 The
453 3271 66 22 book
535 3282 17 10 is
565 3275 100 18 written
679 3270 60 21 with
757 3276 31 16 an
808 3275 102 16 uncom-

79 3311 51 13 moo
141 3305 87 21 degree
239 3308 22 13 of
273 3303 107 21 vivacity
398 3302 48 21 and
460 3301 63 21 skull
558 3300 79 23 Logie
661 3300 48 21 and
732 3299 119 22 Rhetoric
867 3306 42 13 are

153 3339 19 12 ly
186 3333 129 19 combined.
359 3331 90 20 tknow
471 3336 39 15 not
530 3328 114 22 whether
659 3333 13 16 it
696 3335 19 14 is
736 3334 68 15 more
820 3333 91 18 proper

133 3370 22 12 sli
168 3366 14 16 it
194 3360 102 27 eloquent
311 3358 73 25 Logue
401 3365 29 12 or
445 3357 104 24 Loewai
561 3356 131 28 eloquence.
726 3356 8 22 V
748 3356 89 22 think
831 3352 13 39 DP
864 3356 47 20 sball

79 3398 67 15 come
158 3392 38 20 the
205 3392 91 19 nearest
311 3393 25 18 to
347 3392 42 19 the
401 3389 84 21 truth
500 3399 3 8 to
515 3387 47 22 call
576 3387 96 21 itboty.
707 3385 61 23 Lam
782 3385 130 24 delighted

80 3411 53 44 with
145 3421 35 22 the
191 3422 70 26 spirit
273 3422 23 19 of
310 3419 41 21 the
364 3423 130 28 writer,
468 3411 30 44 as
506 3417 56 22 well
575 3423 24 16 as
621 3416 60 23 wath
696 3417 41 20 the
752 3415 67 22 trath
832 3418 24 18 of
878 3415 36 22 tris

79 3460 36 21 pos
128 3456 53 19 tion,
194 3451 39 22 and
245 3451 39 21 the
293 3448 112 25 strength
416 3448 29 23 of
460 3449 200 23 bisarguments.
692 3446 18 23 ft
723 3446 48 23 will
786 3450 61 18 most
861 3452 51 15 eer.

77 3487 69 18 tainly
167 3483 29 18 be
213 3486 138 17 interesting
368 3486 24 13 to
405 3485 42 16 the
459 3483 158 17 community
641 3484 21 15 at
677 3479 41 20 the
734 3482 98 23 present
846 3482 66 17 tine,

81 3519 64 14 when
154 3518 126 13 therankest
311 3511 108 22 infifelity
443 3509 189 23 isadveeatedar
637 3496 101 37 nength
750 3514 32 15 re
792 3513 56 14 WhO
860 3513 51 21 pro

80 3544 100 21 fesetobe
193 3543 131 22 Christians.
346 3540 18 23 Itis
374 3541 126 22 natural
510 3542 89 20 forall
612 3546 22 15 errorists
719 3543 21 17 to
752 3538 76 21 lower
842 3536 70 20 down

82 3574 151 20 asiarasthey
244 3573 94 21 canjtbe
346 3573 127 20 authority
484 3572 73 20 ofthe
569 3568 81 24 Bible,
659 3570 108 19 because
777 3569 134 21 ILoppases

81 3605 46 20 thelr
133 3608 125 22 opinions
294 3600 27 24 In
333 3600 90 27 regard
448 3603 26 18 to
494 3601 154 24 inspiration,
671 3597 39 21 the
733 3599 45 18 test’
801 3595 82 21 which
900 3592 7 23 1

80 3633 33 22 Jay
131 3632 70 22 down
214 3640 15 12 is
238 3632 55 21 this:
309 3632 50 20 that
374 3636 60 14 view
450 3628 29 23 of
492 3629 147 27 inspiration
654 3632 18 16 is
683 3625 131 23 doubtless
832 3624 76 27 right,

82 3661 74 22 which
169 3661 87 38 prodac
260 3660 151 21 ecinusthe
432 3665 60 16 eame
523 3659 91 20 devout
642 3663 140 15 reverence
806 3656 37 22 for
867 3654 42 22 che

79 3692 130 20 Seriptores
219 3690 76 22 which
308 3690 41 21 the
371 3689 107 21 Apostles
490 3688 47 21 and
548 3687 66 21 early
630 3688 139 20 Christians
781 3686 61 22 had,
852 3685 57 20 who

78 3708 114 34 regarded
210 3724 13 17 t
245 3722 53 18 ‘not
323 3726 26 14 as
371 3719 40 20 the
437 3718 68 20 word
519 3720 24 18 of
561 3723 64 16 man,
640 3716 41 20 but
703 3722 26 14 as
743 3715 36 21 the
799 3713 70 23 word
883 3713 31 23 of

81 3748 65 21 God?
160 3749 106 22 Avdany
280 3756 58 14 view
350 3751 24 19 of
388 3752 152 18 inspiration,
555 3746 82 21 which
652 3745 63 22 basa
729 3748 117 17 contrary
859 3747 51 17 ten

76 3780 81 18 denev,
179 3778 37 21 that
238 3784 17 16 is,
268 3785 13 14 a
293 3779 122 20 tendeney
432 3782 24 16 to
468 3777 117 20 diminish
600 3782 42 14 our
655 3777 98 24 respect
770 3779 35 15 tor
816 3775 42 19 the
872 3779 25 14 sa

75 3808 53 17 ered
142 3808 103 19 volume,
256 3808 46 18 and
316 3812 23 14 to
359 3811 55 14 tare
427 3814 26 12 us
465 3805 31 20 of
514 3809 64 16 frore
593 3808 14 15 it
622 3811 25 12 as
658 3811 47 13 our
718 3804 130 19 untallible
860 3800 49 22 and

76 3835 86 28 perfect
175 3832 114 19 standard,
311 3836 62 15 must
392 3832 30 18 be
437 3836 94 15 wrong.
565 3830 62 18 ‘This
643 3838 16 8 is
673 3836 11 11 a
706 3830 96 18 subject
826 3829 81 17 whieh

77 3863 99 20 mvelves
188 3863 39 19 the
249 3862 93 20 highest
364 3865 112 17 interests
488 3846 55 35 of
549 3867 21 12 tue
586 3857 103 23 Church
703 3855 47 24 and
765 3856 41 22 the
820 3853 87 24 world.

80 3892 44 21 And
137 3901 24 10 so
173 3894 29 19 far
219 3898 41 15 as
273 3897 131 20 experience
419 3890 47 22 and
480 3889 161 20 observation
655 3888 55 21 have
729 3888 89 20 taueht
830 3892 49 15 me,
894 3889 13 15 it

76 3931 14 10 isa
142 3925 39 18 tact,
193 3923 52 18 that
258 3928 12 15 a
285 3927 108 14 reverence
429 3924 33 16 for
530 3919 155 27 Seriptures,
697 3918 48 20 and
759 3916 141 21 comidence

75 3959 20 13 in
117 3953 39 20 the
169 3951 64 22 truth
246 3951 47 21 and
316 3950 82 22 divine
422 3953 126 19 authornty
561 3953 24 17 of
603 3950 31 21 all
656 3951 65 20 their
743 3946 166 23 instructions,

75 3982 62 24 keep
150 3989 58 11 pace
230 3987 21 16 in
276 3981 40 22 the
330 3981 102 21 Chorch
445 3980 48 22 and
514 3989 21 12 jn
549 3980 42 22 the
615 3979 117 22 minds
708 3972 26 39 of
751 3976 159 23 individuals,

76 4012 54 22 with
143 4012 38 21 the
193 4019 140 21 prevalerce
353 4016 23 16 of
394 4015 53 18 true
462 4014 78 26 pletw

103 4042 86 23 Lthink
209 4049 47 14 vou
280 4042 63 22 bawe
356 4044 124 19 rendered
504 4048 29 14 an
557 4043 135 27 important
715 4044 97 17 service
830 4042 25 19 to
869 4037 41 22 the

75 4074 125 21 American
214 4073 80 27 public
308 4073 26 20 by
355 4073 100 23 making
471 4072 41 21 the
527 4057 71 36 work
609 4071 28 22 of
651 4071 115 21 Gaussen
777 4068 133 22 accessible

73 4107 23 18 to
106 4103 64 22 them
187 4110 21 14 in
221 4104 62 20 their
295 4109 60 15 own
368 4102 136 24 language.

154 4133 61 21 Very
233 4132 198 24 affectionately,
444 4138 58 21 your
520 4131 112 23 brother,

565 4148 168 34 LEONARD
750 4158 132 26 WOODS,

99 4192 112 23 Theolog
235 4191 29 23 cal
278 4193 145 22 Seminary,
434 4190 126 25 Andever,
573 4190 87 23 Mareh
675 4191 34 24 21,
724 4190 59 22 1812.

402 4231 203 14 eaaieatiiematintitel

75 4257 55 23 Tue
170 4263 40 15 Live
243 4265 6 13 ov
272 4256 89 23 Perer
378 4256 56 22 Van
449 4256 134 24 Scuaack,
597 4255 42 23 Lb.
662 4255 38 25 D.,
716 4261 140 16 embracing
870 4254 40 20 Se-

129 4290 101 20 lections
244 4294 61 14 from
320 4288 13 19 tos
393 4288 201 27 Correspondence
616 4287 48 21 and
689 4285 80 21 Other
794 4284 119 24 Wiitings

130 4320 88 23 during
231 4318 41 21 the
287 4319 134 21 American
437 4316 159 24 Revolution,
612 4315 49 23 and
673 4317 36 21 bis
722 4315 71 23 Exile
808 4322 22 15 in
846 4313 67 26 Eng-

133 4349 53 21 land:
222 4348 31 21 By
272 4349 36 20 lus
321 4352 61 19 Son,
397 4347 99 23 Henry
521 4349 30 20 ©.
577 4347 57 20 Van
660 4348 136 20 Scuaacn.
830 4346 20 21 (1
867 4345 44 22 vol.

147 4386 32 14 Oo
211 4378 113 28 Pp.d)
359 4378 29 21 D.
404 4379 137 27 Appeton,
555 4379 40 21 200
610 4376 156 28 Broadway.

117 4420 64 30 This
200 4422 170 37 excellentiy
390 4419 115 41 printed
532 4421 115 27 volume
673 4420 89 28 forms
781 4429 16 18 a
815 4419 98 27 valna-

78 4469 34 26 ble
139 4470 105 27 edition
264 4478 27 20 to
307 4481 46 16 our
377 4471 153 27 materials
546 4469 32 28 of
599 4468 224 36 Revolutionary
849 4466 64 28 Hhs-

78 4526 52 19 tory.
193 4519 53 28 Mr.
294 4530 36 18 Van
348 4518 135 28 Schaack
496 4528 60 17 was
569 4528 35 18 an
619 4517 116 39 upright
752 4515 54 30 and
821 4526 93 28 prom-

79 4567 65 25 ising
175 4568 105 35 lawyer
296 4566 33 29 of
346 4566 56 27 this
427 4568 64 36 City
518 4567 101 27 before
646 4566 48 28 the
725 4565 189 28 Revolution,

77 4617 93 28 andin
194 4618 82 30 1772,
308 4627 27 19 at
368 4617 48 30 the
443 4629 54 24 age
514 4618 33 28 of
566 4625 46 22 twe
627 4617 127 38 nty-live,
786 4624 60 18 Was
868 4624 49 27 uy

80 4668 112 36 pointed
224 4670 61 27 sole
314 4670 110 29 reviser
439 4669 32 29 of
489 4669 47 29 the
564 4667 138 30 Colonial
733 4668 132 27 Statutes
890 4664 31 28 of

80 4718 172 32 New-York,
271 4719 93 30 which
380 4720 70 39 duty
469 4720 35 30 he
520 4718 223 40 accomplished
772 4725 29 22 to
823 4717 95 29 entive

99 4770 167 29 ttivfaction,
285 4769 109 30 though
410 4771 29 36 by
461 4769 71 28 such
549 4776 193 21 unremitting
761 4768 83 27 labor
856 4766 60 27 that

78 4815 39 24 his
132 4815 131 36 evesight
283 4826 60 17 was
361 4815 116 37 injured
495 4828 31 12 so
543 4814 60 29 that
631 4814 34 27 he
688 4813 106 36 wholly
820 4812 54 27 lost
899 4811 19 25 it

78 4869 96 19 twenty
198 4873 80 26 years
296 4862 97 28 before
409 4862 44 27 his
468 4860 101 29 death.

113 4919 43 20 (in
175 4916 46 24 the
246 4914 139 33 breaking
404 4921 47 21 oat
471 4913 32 27 of
523 4912 51 29 the
605 4909 231 33 Revolutionary
853 4914 65 17 con

106 4968 33 21 st,
161 4959 54 29 Mr.
233 4959 62 29 Van
314 4960 131 29 Schaack
463 4959 123 29 avowed
610 4956 121 30 himself
744 4966 16 16 a
781 4952 140 38 Loyalist,

78 5012 61 27 and,
158 5013 83 28 being
259 5011 263 37 conscientiously,
557 5007 145 37 inflexibiy
737 5017 41 17 so,
805 5003 35 28 he
862 5013 59 18 was

77 5071 36 20 for
145 5077 14 15 a
188 5075 106 18 season
326 5061 155 40 respected
499 5059 57 29 and
575 5057 125 30 allowed
719 5064 27 22 te
765 5056 110 29 remain
893 5054 25 29 in

78 5115 178 28 vomolested
274 5115 169 36 nenteality.
492 5111 32 29 In
563 5113 67 27 1770,
649 5111 143 28 however,
811 5106 35 29 he
859 5118 58 17 was

78 5165 166 36 compelled
262 5172 28 15 to
310 5166 80 24 leawe
410 5162 48 28 the
475 5169 115 29 country
623 5172 34 14 oa
683 5164 121 23 account
823 5156 34 28 of
874 5156 42 28 his

79 5218 125 33 politics,
255 5214 24 27 and
298 5214 134 28 amerced
454 5225 25 15 in
498 5212 149 38 pecuniary
670 5222 45 27 per
737 5210 87 28 ilies.
872 5207 45 30 He

80 5273 71 17 went
171 5274 29 17 to
219 5264 142 29 Englund,
384 5263 55 29 and
468 5261 149 30 remained
645 5270 82 20 there
751 5272 43 16 six
821 5261 56 28 and
902 5272 15 16 a

78 5316 52 26 half
155 5326 91 17 years,
268 5327 24 15 in
323 5323 132 20 imtimate
484 5315 180 27 intercourse
682 5311 70 29 with
770 5311 48 28 the
842 5312 73 36 prin-
931 5303 4 44 |

77 5366 73 34 cipal
169 5376 63 15 men
252 5376 24 15 in
294 5365 60 26 that
374 5371 118 30 country
513 5364 32 26 of
567 5363 35 27 all
624 5363 171 36 parties—a
817 5361 100 36 Loyal-
935 5343 2 53 |

77 5423 32 20 ist
130 5426 24 16 in
172 5415 90 30 heart,
279 5415 46 26 but
347 5414 128 30 refusing
495 5421 30 20 to
541 5421 45 20 act
612 5420 112 21 against
757 5411 45 27 his
831 5420 87 19 coun-
936 5397 1 49 |

76 5476 115 29 trymen.
240 5467 77 28 Here
335 5469 34 26 be
389 5468 121 27 became
536 5465 152 39 gradually
706 5463 162 29 convinced
892 5471 24 20 of

77 5528 44 17 the
148 5527 169 30 corruption
345 5518 58 29 and
431 5517 206 40 imperfection
664 5516 32 28 of
725 5515 51 29 the
807 5509 130 34 British
924 5505 13 47 |

76 5572 204 25 Government.
340 5567 79 28 Here
451 5568 35 28 he
516 5565 218 40 corvesponded
768 5565 70 28 with
870 5564 48 28 the

79 5629 65 16 Mest
164 5627 127 20 eminent
314 5629 66 18 men
398 5629 36 18 on
459 5617 71 29 both
555 5617 79 28 sides
652 5617 32 27 of
703 5616 49 28 the
786 5616 131 27 Atlentic.

86 5669 63 25 After
174 5667 48 27 the
243 5667 93 27 Peace
360 5667 33 27 he
418 5664 137 30 returned
575 5673 28 17 to
630 5665 144 27 America,
794 5673 88 17 wast

84 5718 128 26 ubnitted
232 5726 28 19 to
278 5718 48 27 the
342 5718 64 29 bar,
425 5716 56 30 and
500 5715 74 29 lived
592 5714 58 29 and
666 5714 70 29 died
755 5714 92 28 useful
864 5711 54 29 and

77 5768 155 37 respected.
278 5769 63 27 The
358 5767 269 39 Correspondence
644 5766 130 29 embodit
788 5765 60 30 din
863 5765 56 29 this

78 5820 69 24 work
170 5830 21 15 is
208 5823 26 22 of
258 5824 81 24 great
360 5825 132 22 interest,
509 5815 56 30 and
584 5816 50 29 the
658 5814 81 29 work
766 5825 22 17 is
815 5824 56 17 one
893 5821 26 19 ot

76 5865 117 28 decided
213 5865 151 28 histerical
384 5866 93 26 value.

369 5917 6 2 -
434 5912 114 12 Sloss

85 5939 41 21 lure
147 5938 63 23 New
229 5936 41 22 Mo
268 5941 99 49 +
381 5935 140 23 MaGagine
541 5943 53 16 any
609 5935 154 23 Hesorist,
785 5933 36 23 Fil

137 5970 107 22 Troaas
262 5962 83 37 lloon,
363 5966 47 27 Esq
464 5968 75 27 April.
574 5967 47 23 UU.
648 5969 78 19 Colburn,
732 5965 87 24 Lond

77 6003 144 20 CornuKn's
243 6000 7 22 b
269 5974 84 47 rep
372 6002 115 19 Sravice
513 5998 59 24 Mac
581 5984 77 38 AZINE
681 5985 54 36 AND
753 5997 84 22 Naval
872 6001 49 16 and

130 6032 132 22 Miciraky
280 6030 118 22 JOURNAL.
448 6031 76 27 April.

82 6063 177 21 AINSWoORTH'S
285 6061 145 22 MAGadine
472 6045 21 37 a
511 6060 112 21 Monthly
650 6059 149 22 Miscellany
822 6057 30 22 of
875 6056 43 22 Ro

130 6100 94 13 mance,
243 6092 111 19 General
402 6095 109 14 Literature
531 6091 48 20 and
603 6091 53 20 Aris
706 6089 92 21 Evited
812 6089 27 19 by
861 6086 58 21 WM.

130 6122 135 22 HAKkgison
288 6121 168 22 AINSWORTH.

115 6165 117 29 Mesars.
270 6167 100 28 Wiley
399 6164 64 29 end
496 6163 141 29 Putaam,
664 6164 48 26 161
748 6160 171 38 Broadway,

79 6218 96 25 having
195 6217 71 26 been
285 6213 160 40 appointed
477 6214 160 27 American
661 6221 101 21 agente
778 6212 35 28 for
836 6212 84 28 these

79 6265 51 28 and
155 6274 69 19 most
253 6265 77 28 other
365 6262 110 31 British
501 6259 180 41 periodicals
705 6260 32 28 of
758 6270 162 19 eminence,

110 6330 3 8 e
141 6316 138 35 prepared
300 6324 29 18 to.
357 6315 53 27 sell
429 6325 27 16 or
479 6311 69 30 mail
569 6309 48 31 the
637 6309 123 38 English
777 6310 100 37 copies
894 6317 24 19 at

81 6374 86 27 prices
182 6373 41 19 tar
236 6366 91 26 below
341 6364 50 29 the
402 6372 61 19 cost
475 6368 27 22 of
521 6360 77 29 their
607 6360 95 28 direct
718 6367 202 29 importation,

390 6411 141 14 rT

81 6434 134 20 Gaanaws
241 6433 96 22 Lapy's
365 6439 32 16 an
470 6430 174 24 ENTLSMAN’S
668 6427 160 23 MaGazine,
853 6426 68 27 May,

135 6464 50 20 12
224 6463 73 21 Irae]
313 6462 101 25 Past,
393 6457 27 35 83
430 6461 120 27 Bowery.

116 6504 65 29 This
195 6517 60 16 new
275 6506 122 27 number
419 6505 53 27 has
500 6511 60 21 two
588 6512 54 25 goe
646 6501 19 59 d
697 6498 225 32 [agravings—

106 6556 39 27 The
172 6555 96 30 Bride’
288 6557 57 28 and
363 6566 5 6 *
411 6565 83 19 Centre
513 6555 127 29 Harbor,
646 6552 67 28 oN.
736 6550 51 29 he
805 6548 117 28 besides

88 6615 2 3 »
112 6603 76 29 Plate
206 6604 29 28 of
260 6606 151 28 Pashiens.
458 6606 117 29 Among
607 6602 49 28 the
688 6599 137 36 Literary
856 6606 66 17 con-

81 6660 71 19 tenta
179 6664 47 16 are
252 6663 87 29 prose
366 6655 116 28 articles
504 6653 31 27 by
574 6650 75 31 Mrs.
679 6649 138 37 Embury,
846 6644 76 32 Miss

84 6701 101 30 Leslie,
206 6702 30 29 Eo
265 6703 32 26 A.
328 6702 57 29 Poe
410 6702 55 29 and
494 6703 30 29 J.
557 6701 38 30 H.
627 6701 104 30 Darna;
754 6710 15 17 a
801 6699 118 27 stirring

81 6752 125 28 metrical
226 6751 56 28 tale
300 6751 34 38 by
363 6749 45 29 W.
439 6750 133 30 Wallace
599 6749 58 31 and
680 6748 114 30 shorter
815 6746 107 30 Poems

102 6824 2 3 .
126 6809 115 23 George
263 6804 83 28 Lunt,
369 6802 74 29 Park
464 6802 170 35 Benjamin,
655 6801 73 31 Mrs.
751 6800 30 29 F.
809 6800 30 27 S.
869 6804 52 21 Os-

79 6853 80 29 good,
178 6852 58 28 and
254 6853 23 24 G.
313 6851 75 29 Hill.

399 6895 33 5 Se
479 6869 35 42 tee
574 6898 10 3 ears

80 6915 115 20 Goory's
240 6914 67 19 Lany'’s
322 6911 82 26 Boo,
418 6912 68 28 May,
502 6913 62 23 1842.
596 6912 18 25 L
639 6912 66 23 Post,
717 6913 27 20 83
757 6911 120 26 Bowery.

114 6954 89 27 Two
227 6952 84 29 capital
333 6951 191 32 Engravings,
547 6960 205 30 reprasent.ng
782 6959 5 6 ‘
805 6948 111 37 Family

81 7002 160 31 Devotion,’
269 6997 18 42 *‘
288 7001 105 29 Morni:
466 7003 55 27 and
545 7002 178 32 ‘Evening,’
754 7013 74 28 open
860 7000 60 29 this

78 7067 50 11 hun

96 7060 104 28 umber,
219 7053 170 33 illustrated
409 7055 28 28 in
454 7065 84 18 verse
554 7056 30 37 by
608 7055 73 30 Mrs.
709 7055 85 30 Hale.
844 7054 74 29 Next

79 7113 64 20 afier
167 7107 48 27 the
243 7105 144 29 Fashions
414 7114 23 16 is
467 7101 77 29 Miss
568 7101 187 37 Sedgwick's
784 7104 82 37 Story
892 7109 26 20 of

78 7157 123 29 ‘Witon
228 7158 80 29 Harv
330 7157 40 39 y.
423 7155 83 30 ‘The
534 7154 136 29 Petrified
696 7155 112 38 Piper,’
827 7157 35 37 by
883 7155 21 29 R

78 7211 113 27 Shelton
225 7209 185 31 Mackemaie,
439 7206 56 30 and
527 7214 5 6 ‘
548 7205 64 30 The
641 7204 124 32 Beaux,’
789 7208 31 36 by
845 7205 74 31 Miss

82 7255 106 28 Lestie;
214 7269 15 16 a
264 7258 89 26 Poem
384 7257 34 38 by
453 7254 72 30 Mrs.
557 7255 179 35 Sigourney,
762 7263 4 5 ‘
783 7255 96 36 Duty,’
903 7267 15 15 a

78 7314 21 19 tale
146 7309 28 26 by
198 7307 60 31 Mrs.
292 7308 133 32 Dinnies,
451 7305 56 31 and
524 7317 17 19 a
557 7305 94 30 daren
669 7303 114 30 shorter
800 7314 117 29 papers,

76 7367 136 17 camplete
230 7364 48 19 the
301 7358 133 27 number.

71 7388 83 26 a
183 7388 36 26 ee
233 7388 62 26 ee
330 7388 38 26 ee
382 7388 75 26 mee
519 7392 29 18 8

79 7414 135 39 TEVILi,
238 7418 102 34 Poets
357 7420 66 31 and
450 7417 122 34 Poetry
591 7415 40 34 of
659 7419 169 29 America,
846 7412 74 32 with

160 7473 12 14 a
186 7465 133 24 Historical
334 7464 237 30 Introdaction—by
586 7463 81 24 Rutus
681 7462 142 23 Wilmot
834 7466 85 14 Griswoid

106 7495 6 20 |
150 7498 10 19 vol
181 7502 107 18 petavo—a
302 7498 140 28 splendid
460 7496 77 21 Book,

153 7535 3 4 *
171 7526 77 23 Fame
261 7530 49 18 and
331 7529 76 19 Glory
428 7531 23 15 of
475 7524 118 28 England
608 7522 263 25 Vindicated--bemg
889 7526 31 16 ao

129 7561 39 16 ver
180 7562 23 14 to
217 7563 6 17 the
271 7559 94 20 ‘Glory
384 7561 48 18 and
447 7556 94 22 Shame
553 7561 23 16 of
594 7554 173 24 Eugland’—1
784 7559 47 15 vol.

108 7583 96 32 Poplar
263 7590 138 25 chnology,
414 7594 28 15 or
457 7587 152 23 Professions
622 7590 47 18 and
688 7584 163 29 Trades—by
869 7581 40 25 Ed

85 7619 58 31 Ward
158 7619 185 22 Harsen—with
356 7620 24 21 81
397 7617 55 25 Eng
471 7620 133 21 avingy—2
616 7617 58 21 vols.

114 7643 63 26 Phe
192 7655 79 17 Croton
285 7650 130 22 Boys—by
428 7645 100 28 Hagriet
545 7647 149 24 Martivenu.

110 7673 134 29 Daughters
255 7685 23 16 of
295 7679 159 27 Britain—by
470 7678 57 22 Mra
544 7677 61 22 Bilis
932 7673 3 35 |

139 7711 108 21 rangeli’s
261 7710 155 28 Expedition
425 7713 26 17 to
462 7708 99 21 Siberia
571 7708 49 21 and
634 7708 42 21 the
691 7706 71 23 Polar
777 7712 61 15 Sea—1
873 7705 44 20 vol,
936 7710 1 36 |

123 7735 38 55 ~~
176 7745 20 27 *
214 7744 34 17 for
264 7743 118 20 Summer
407 7738 93 25 Hours,
513 7738 30 23 24
561 7737 158 24 ediuiea—by
736 7735 107 24 Charles
858 7735 51 22 Lan
936 7742 1 41 }

94 7771 33 13 Han,
169 7777 41 19 Esq.

110 7795 65 25 Mints
185 7804 25 17 to
223 7799 173 30 Mothers—by
413 7800 42 23 Dr
456 7798 78 51 Bull
936 7786 1 43 |

83 7825 37 21 asl
223 7829 70 24 ~For
307 7833 52 22 sale
374 7825 32 36 by
419 7829 55 25 JS.
477 7827 225 26 REDFIELD
707 7829 105 22 Clinton
826 7826 67 23 Mall.
935 7832 2 16 |
